@phdthesis{devries,
	author = {De Vries, H.},
	title = {Compact Spaces and Compactifications: An Algebraic Approach},
	school = {Van Gorcum},
	year = {1962},
}

@Book{naimpally,
	author = {Naimpally, B.},
	title = {Proximity Spaces},
	publisher = {Cambridge University Press},
	year = {2008},
	address = {Cambridge, England},
	isbn = {9780521091831},
}

@Article{riesz,
	author = {Riesz, F.},
	title = {Stetigkeitsbegriff und abstrakte Mengenlehre},
	journal = {Atti IV Congr. Intern. Mat. Roma},
	volume = {II},
	year = {1908},
	pages = {18--24},
	note = {In German}
}

@Article{efremovic,
	author = {Efremovi\v{c}, V.A.},
	title = {The Geometry of Proximity},
	journal = {Mat. Sb.},
	volume = {31},
	year = {1952},
	pages = {189--200},
	note = {In Russian}
}

@Article{eilenbergmaclane,
	author = {Eilenberg, S. and Mac Lane, S.},
	title = {General Theory of Natural Equivalences},
	journal = {Trans. Am. Math. Soc.},
	volume = {58},
	pages = {231--294},
	year = {1945}
}

@Article{alexandroff,
	author = {Alexandroff, P.},
	title = {On bicompact extensions of topological spaces},
	journal = {Mat. Sb.},
	volume = {5},
	pages = {403--423},
	note = {In Russian; German summary},
	year = {1939},
}

@Book{givant,
	author = {Steven Givant and Paul Halmos},
	title = {Introduction to Boolean Algebras},
	publisher = {Springer},
	year = {2009},
	address = {New York, NY},
	isbn = {9780387402932},
}
 
@Article{macneille,
	author = {MacNeille, H.},
	title = {Partially Ordered Sets},
	journal = {Transactions of the American Mathematical Society},
	volume = {42},
	year = {1937},
	pages = {416--460},
}

@Article{tarski,
	author = {Tarski, A.},
	title = {{\"U}ber additive und multiplikative Mengenk\"orper und Mengenfunktionen},
	journal = {Sprawozdania z Posiedze\'n Towarzystwa Naukowego Warszawskiego, Wydzial III Nauk Matematyczno-fizycznych (=Comptes Rendus des S\'eances de la Soci\'et\'e des Sciences et des Lettres de Varsovie, Classe III)},
	volume = {30},
	year = {1937},
	pages = {151--181},
	note = {In German}
}

@Article{taimanov,
	author = {Taimanov, A.D.},
	title = {On the Extension of Continuous Mappings of Topological Spaces},
	journal = {Mat. Sb.},
	volume = {31},
	year = {1952},
	pages = {459--462},
}

@Article{urysohn,
	author = {Urysohn, P.},
	title = {{\"U}ber die M\"achtigkeit der zusammenh\"angenden Mengen},
	journal = {Math. Ann.},
	volume = {94},
	year = {1925},
	pages = {262--295},
	note = {In German},
}

@Article{bezhanishvili,
	author = {Guram Bezhanishvili},
	title = {Stone Duality and {G}leason Covers Through de {V}ries Duality},
	journal = {Topology and its Applications},
	volume = {157},
	year = {2010},
	pages = {1064--1080},
}

%M. Bourbaki, Topologie generate, 3rd. ed., Actualites Sci. Ind. No. 1142, Hermann, Paris 1961.
@Book{bourbaki,
	author = {Bourbaki, M.},
	title = {Topologie g\'en\'erate},
	publisher = {Hermann},
	address = {Paris},
	year = {1961},
	edition = {3},
	note = {In French},
}

@Article{stone,
	author = {Stone, M.H.},
	title = {The Theory of Representations for Boolean Algebras},
	journal = {Trans. American Math. Soc.},
	volume = {40},
	pages = {37--111},
	year = {1936},
}

%compact iff every ultrafilter converges (ALSO IN GAAL)
@Book{joshi,
	author = {Joshi, K.D.},
	title = {Introduction to General Topology},
	publisher = {New Age International},
	address = {Daryaganj, New Delhi},
	year = {1983},
	edition = {1},
}

%RO is a complete boolean algebra 7.21 and 7.22
@Book{polkowski,
	author = {Lech Polkowski},
	title = {Rough Sets: Mathematical Foundations},
	publisher = {Physica-Verlag},
	address = {New York},
	year = {2002},
}

%CPT2 is hereditary, p67, thm 2.10
@Book{patty,
	author = {C. Wayne Patty},
	title = {Foundations of Topology},
	edition = {2},
	publisher = {Jones and Bartlett},
	address ={Sudbury, MA},
	year = {2009},
}

%compact iff every filter has non-empty adherence, p270, thm 1, (V.5.1)
%compact iff every ultrafilter converges, p270, thm 2, (V.5.2)
@Book{gaal,
	author = {Steven A. Gaal},
	title = {Point Set Topology},
	publisher = {Academic Press Inc.},
	address = {New York},
	year = {1964},
	volume = {XVI},
}

%compact hausdorff implies normal, p141, thm 9 (p.141)
@Book{kelley,
	author = {John L. Kelley},
	title = {General Topology},
	publisher = {Springer-Verlag},
	address = {New York},
	year = {1957},
}

@Book{porter,
	author = {Jack R. Porter and R. Grant Woods},
	title = {Extensions and Absolutes of {H}ausdorff Spaces},
	publisher = {Springer-Verlag},
	address = {New York},
	year = {1988},
}

@Article{smirnov,
	author = {Y.M. Smirnov},
	title = {On Proximity Spaces},
	journal = {Mat. Sb.},
	volume = {31},
	year = {1952},
	pages = {543â€“574},
	note = {In Russian},
}

@Book{maurin,
	author = {Krzysztof Maurin},
	title = {Analysis: Part II: Integration, Distributions, Holomorphic Functions, Tensor and Harmonic Analysis},
	publisher = {D. Reidel},
	address = {Warsaw},
	year = {1980},
}
